@book{texbook,
  author    = {Donald Ervin Knuth},
  title     = {The {\TeX}book},
  volume    = {A},
  publisher = {Addison-Wesley},
  address   = {Reading, MA, USA},
  edition   = {23rd printing, with corrections.},
  pages     = {ix + 483},
  year      = {1993},
  series    = {Computers and typesetting}
}
@inproceedings{DBLP:conf/popl/OngR11,
  author    = {C.{-}H. Luke Ong and
               Steven J. Ramsay},
  editor    = {Thomas Ball and
               Mooly Sagiv},
  title     = {Verifying higher-order functional programs with pattern-matching algebraic
               data types},
  booktitle = {Proceedings of the 38th {ACM} {SIGPLAN-SIGACT} Symposium on Principles
               of Programming Languages, {POPL} 2011, Austin, TX, USA, January 26-28,
               2011},
  pages     = {587--598},
  publisher = {{ACM}},
  year      = {2011},
  url       = {https://doi.org/10.1145/1926385.1926453},
  doi       = {10.1145/1926385.1926453},
  timestamp = {Thu, 24 Jun 2021 16:19:31 +0200},
  biburl    = {https://dblp.org/rec/conf/popl/OngR11.bib},
  bibsource = {dblp computer science bibliography, https://dblp.org}
}
@inproceedings{DBLP:conf/ppdp/UnnoK09,
  author    = {Hiroshi Unno and
               Naoki Kobayashi},
  editor    = {Ant{\'{o}}nio Porto and
               Francisco Javier L{\'{o}}pez{-}Fraguas},
  title     = {Dependent type inference with interpolants},
  booktitle = {Proceedings of the 11th International {ACM} {SIGPLAN} Conference on
               Principles and Practice of Declarative Programming, September 7-9,
               2009, Coimbra, Portugal},
  pages     = {277--288},
  publisher = {{ACM}},
  year      = {2009},
  url       = {https://doi.org/10.1145/1599410.1599445},
  doi       = {10.1145/1599410.1599445},
  timestamp = {Sat, 19 Oct 2019 20:35:08 +0200},
  biburl    = {https://dblp.org/rec/conf/ppdp/UnnoK09.bib},
  bibsource = {dblp computer science bibliography, https://dblp.org}
}
@misc{z3,
  title        = {z3},
  howpublished = {\url{https://github.com/Z3Prover/z3}}
}
@misc{cvc4,
  title        = {CVC4},
  howpublished = {\url{https://cvc4.github.io}}
}


